@book{Hyndman2008b,
author = {Hyndman, Rob J. and Koehler, Anne B. and Ord, J. Keith and Snyder, Ralph D.},
isbn = {978-3-540-71916-8},
publisher = {Springer Berlin Heidelberg},
title = {{Forecasting with Exponential Smoothing}},
year = {2008}
}

@book{Hyndman2018,
author = {Hyndman, Rob J. and Athanasopoulos, George},
publisher = {OTexts: Melbourne, Australia},
title = {Forecasting: principles and practice, 2nd edition. Accessed on 01.04.2020},
year = {2018},
url = {https://OTexts.com/fpp2}
}

@article{Nadarajah2005,
author = {Nadarajah, Saralees},
doi = {10.1080/02664760500079464},
journal = {Journal of Applied Statistics},
number = {7},
pages = {685--694},
title = {{A generalized normal distribution}},
volume = {32},
year = {2005}
}

@article{Davydenko2013,
author = {Davydenko, Andrey and Fildes, Robert},
doi = {10.1016/j.ijforecast.2012.09.002},
journal = {International Journal of Forecasting},
number = {3},
pages = {510--522},
title = {{Measuring Forecasting Accuracy: The Case Of Judgmental Adjustments To SKU-Level Demand Forecasts}},
volume = {29},
year = {2013}
}

@article{Kolassa2016,
author = {Kolassa, Stephan},
doi = {10.1016/j.ijforecast.2015.12.004},
journal = {International Journal of Forecasting},
number = {3},
pages = {788--803},
title = {{Evaluating predictive count data distributions in retail sales forecasting}},
volume = {32},
year = {2016}
}

@article{Petropoulos2015,
author = {Petropoulos, Fotios and Kourentzes, Nikolaos},
doi = {10.1057/jors.2014.62},
journal = {Journal of the Operational Research Society},
number = {6},
pages = {914--924},
title = {{Forecast combinations for intermittent demand}},
volume = {66},
year = {2015}
}

@article{Hyndman2006,
author = {Hyndman, Rob J and Koehler, Anne B},
doi = {10.1016/j.ijforecast.2006.03.001},
journal = {International Journal of Forecasting},
number = {4},
pages = {679--688},
title = {{Another look at measures of forecast accuracy}},
volume = {22},
year = {2006}
}

@article{Yu2005,
author = {Yu, Keming and Zhang, Jin},
doi = {10.1080/03610920500199018},
isbn = {0361-0926 1532-415X},
issn = {03610926},
journal = {Communications in Statistics - Theory and Methods},
number = {9-10},
pages = {1867--1879},
title = {{A three-parameter asymmetric laplace distribution and its extension}},
volume = {34},
year = {2005}
}

@article{Geraci2007,
author = {Geraci, Marco and Bottai, Matteo},
doi = {10.1093/biostatistics/kxj039},
isbn = {1465-4644},
issn = {14654644},
journal = {Biostatistics},
number = {1},
pages = {140--154},
pmid = {16636139},
title = {{Quantile regression for longitudinal data using the asymmetric Laplace distribution}},
volume = {8},
year = {2007}
}

@unpublished{Brown1956,
address = {Cambridge 42, Massachusetts},
annote = {Simple exponential smoothing is proposed.},
author = {Brown, Robert G},
institution = {Arthur D. Little, Inc},
title = {{Exponential Smoothing for predicting demand}},
year = {1956}
}

@article{Gardner1985,
author = {Gardner, Everette S},
doi = {10.1002/for.3980040103},
journal = {Journal of Forecasting},
number = {1},
pages = {1--28},
title = {{Exponential smoothing: The state of the art}},
volume = {4},
year = {1985}
}

@article{Gardner2006,
author = {Gardner, Everette S},
doi = {10.1016/j.ijforecast.2006.03.005},
journal = {International Journal of Forecasting},
number = {4},
pages = {637--666},
title = {{Exponential smoothing: The state of the art-Part II}},
volume = {22},
year = {2006}
}

@article{Persons1919,
author = {{Warren M. Persons}},
doi = {10.2307/1928754},
journal = {The Review of Economics and Statistics},
number = {1},
pages = {5--107},
title = {{General Considerations and Assumptions}},
volume = {1},
year = {1919}
}

@article{Pegels1969,
author = {Pegels, C Carl},
journal = {Management Science},
number = {5},
pages = {311--315},
title = {{Exponential Forecasting : Some New Variations}},
url = {https://www.jstor.org/stable/2628137},
volume = {15},
year = {1969}
}

@article{Hyndman2002,
author = {Hyndman, Rob J and Koehler, Anne B and Snyder, Ralph D and Grose, Simone},
doi = {10.1016/S0169-2070(01)00110-8},
journal = {International Journal of Forecasting},
number = {3},
pages = {439--454},
title = {{A state space framework for automatic forecasting using exponential smoothing methods}},
volume = {18},
year = {2002}
}

@article{Muth1960,
author = {Muth, John F},
doi = {10.2307/2281742},
journal = {Journal of the American Statistical Association},
number = {1},
pages = {299--306},
title = {{Optimal Properties of Exponentially Weighted Forecasts}},
volume = {55},
year = {1960}
}

@article{Snyder1985,
author = {Snyder, Ralph D},
doi = {10.1111/j.2517-6161.1985.tb01355.x},
journal = {Journal of the Royal Statistical Society, Series B (Methodological)},
number = {2},
pages = {272--276},
title = {{Recursive Estimation of Dynamic Linear Models}},
volume = {47},
year = {1985}
}

@article{Roberts1982,
author = {Roberts, S. A.},
doi = {10.1287/mnsc.28.7.808},
journal = {Management Science},
number = {7},
pages = {808--820},
title = {{A General Class of Holt-Winters Type Forecasting Models}},
volume = {28},
year = {1982}
}

@article{Gardner1985a,
author = {Gardner, Everette S and McKenzie, Ed},
doi = {10.1016/0169-2070(86)90056-7},
journal = {Management Science},
number = {10},
pages = {1237--1246},
title = {{Forecasting trends in time series}},
volume = {31},
year = {1985}
}

@article{Holt2004b,
author = {Holt, Charles C.},
doi = {10.1016/j.ijforecast.2003.09.015},
journal = {International Journal of Forecasting},
number = {1},
pages = {5--10},
title = {{Forecasting seasonals and trends by exponentially weighted moving averages}},
volume = {20},
year = {2004}
}

@article{Winters1960,
author = {Winters, P R},
doi = {10.1287/mnsc.6.3.324},
journal = {Management Science},
number = {3},
pages = {324--342},
title = {{Forecasting Sales by Exponentially Weighted Moving Averages}},
volume = {6},
year = {1960}
}

@article{Gardner1989,
author = {Gardner, Everette S and McKenzie, Ed},
doi = {10.1287/mnsc.35.3.372},
journal = {Management Science},
number = {3},
pages = {372--376},
title = {{Seasonal Exponential Smoothing with Damped Trends}},
volume = {35},
year = {1989}
}

@article{Taylor2003,
author = {Taylor, James W},
doi = {10.1016/S0169-2070(03)00003-7},
journal = {International Journal of Forecasting},
number = {4},
pages = {715--725},
title = {{Exponential smoothing with a damped multiplicative trend}},
volume = {19},
year = {2003}
}

@article{Gould2008,
author = {Gould, Phillip G and Koehler, Anne B and Ord, J Keith and Snyder, Ralph D and Hyndman, Rob J and Vahid-Araghi, Farshid},
doi = {10.1016/j.ejor.2007.08.024},
journal = {European Journal of Operational Research},
number = {1},
pages = {205--220},
title = {{Forecasting time series with multiple seasonal patterns}},
volume = {191},
year = {2008}
}

@article{Taylor2008,
author = {Taylor, James W},
doi = {10.1016/j.ijforecast.2008.07.007},
journal = {International Journal of Forecasting},
number = {4},
pages = {645--658},
title = {{An evaluation of methods for very short-term load forecasting using minute-by-minute British data}},
volume = {24},
year = {2008}
}

@article{Taylor2010,
author = {Taylor, James W},
doi = {10.1016/j.ejor.2009.10.003},
journal = {European Journal of Operational Research},
number = {1},
pages = {139--152},
title = {{Triple seasonal methods for short-term electricity demand forecasting}},
volume = {204},
year = {2010}
}

@article{DeLivera2010,
author = {{De Livera}, Alysha M},
doi = {10.1016/j.ijforecast.2010.05.010},
journal = {International Journal of Forecasting},
number = {4},
pages = {655--657},
publisher = {Elsevier B.V.},
title = {{Exponentially weighted methods for multiple seasonal time series}},
volume = {26},
year = {2010}
}

@article{DeLivera2011,
author = {{De Livera}, Alysha M and Hyndman, Rob J and Snyder, Ralph D},
doi = {10.1198/jasa.2011.tm09771},
journal = {Journal of the American Statistical Association},
number = {496},
pages = {1513--1527},
title = {{Forecasting Time Series With Complex Seasonal Patterns Using Exponential Smoothing}},
volume = {106},
year = {2011}
}

@book{Burnham2004,
author = {Burnham, Kenneth P and Anderson, David R},
doi = {10.1007/b97636},
isbn = {978-0-387-95364-9},
issn = {03043800},
pages = {515},
publisher = {Springer New York},
title = {{Model Selection and Multimodel Inference}},
year = {2004}
}

@article{Akaike1974,
author = {Akaike, H},
doi = {10.1109/TAC.1974.1100705},
journal = {IEEE Transactions on Automatic Control},
number = {6},
pages = {716--723},
title = {{A new look at the statistical model identification}},
volume = {19},
year = {1974}
}

@article{Sugiura1978,
author = {Sugiura, Nariaki},
doi = {10.1080/03610927808827599},
journal = {Communications in Statistics - Theory and Methods},
number = {1},
pages = {13--26},
pmid = {458},
title = {{Further analysis of the data by akaike' s information criterion and the finite corrections}},
volume = {7},
year = {1978}
}

@article{Schwarz1978,
annote = {The author proposes BIC},
author = {Schwarz, Gideon},
doi = {10.1214/aos/1176344136},
journal = {The Annals of Statistics},
number = {2},
pages = {461--464},
title = {{Estimating the Dimension of a Model}},
volume = {6},
year = {1978}
}

@article{McQuarrie1999,
author = {McQuarrie, Allan D},
doi = {10.1016/S0167-7152(98)00294-6},
journal = {Statistics {\{}{\&}{\}} Probability Letters},
number = {1},
pages = {79--86},
title = {{A small-sample correction for the Schwarz SIC model selection criterion}},
volume = {44},
year = {1999}
}

@article{Brenner1968,
author = {Brenner, J L and D'Esopo, D a. and Fowler, a. G},
doi = {10.1287/mnsc.15.3.141},
journal = {Management Science},
number = {3},
pages = {141--159},
title = {{Difference Equations in Forecasting Formulas}},
volume = {15},
year = {1968}
}

@article{Gardner2008,
author = {Gardner, Everette S and Diaz-Saiz, Joaquin},
doi = {10.1016/j.ijforecast.2007.05.002},
journal = {International Journal of Forecasting},
number = {1},
pages = {170--174},
title = {{Exponential smoothing in the telecommunications data}},
volume = {24},
year = {2008}
}

@article{Snyder2017,
author = {Snyder, Ralph D. and Ord, J. Keith and Koehler, Anne B. and McLaren, Keith R. and Beaumont, Adrian N.},
doi = {10.1016/j.ijforecast.2016.11.008},
journal = {International Journal of Forecasting},
number = {2},
pages = {502--512},
title = {{Forecasting compositional time series: A state space approach}},
volume = {33},
year = {2017}
}

@article{Sangal1970,
author = {Sangal, B.P. and Biswas, Asit K.},
doi = {10.1029/WR006i002p00505},
journal = {Water Resources Research},
number = {2},
pages = {505--515},
title = {{The 3-Parameter Lognormal Distribution Applications in Hydrology}},
volume = {6},
year = {1970}
}

@unpublished{Svetunkov2020ETS,
author = {Svetunkov, Ivan and Boylan, John E.},
  journal={Department of Management Science Working Paper Series},
  publisher={Lancaster University},
number = {3},
pages = {1--29},
title = {{Dealing with Positive Data Using Pure Multiplicative ETS Models}},
year = {2022}
}

@article{Akram2009,
author = {Akram, Muhammad and Hyndman, Rob J. and Ord, J. Keith},
doi = {10.1111/j.1467-842X.2009.00555.x},
journal = {Australian {\&} New Zealand Journal of Statistics},
number = {4},
pages = {415--432},
title = {{Exponential Smoothing and Non-negative Data}},
volume = {51},
year = {2009}
}

@article{Tibshirani1996,
annote = {This is the paper that introduces LASSO and the idea of shrinkage.},
author = {Tibshirani, Robert},
doi = {10.1111/j.2517-6161.1996.tb02080.x},
journal = {Journal of the Royal Statistical Society: Series B (Methodological)},
number = {1},
pages = {267--288},
title = {{Regression Shrinkage and Selection Via the Lasso}},
volume = {58},
year = {1996}
}

@book{James2017,
author = {James, Gareth and Witen, Daniela and Hastie, Trevor and Tibshirani, Robert},
doi = {10.1016/j.peva.2007.06.006},
publisher = {Springer New York},
pages = {1--440},
pmid = {10911016},
title = {{An Introduction to Statistical Learning with Applications in R}},
volume = {64},
year = {2017}
}

@article{Barrow2020,
author = {Barrow, Devon and Kourentzes, Nikolaos and Sandberg, Rickard and Niklewski, Jacek},
doi = {10.1016/j.eswa.2020.113637},
journal = {Expert Systems with Applications},
pages = {113637},
title = {{Automatic robust estimation for exponential smoothing: Perspectives from statistics and machine learning}},
volume = {160},
year = {2020}
}

@article{Tashman2000,
author = {Tashman, Leonard J.},
doi = {10.1016/S0169-2070(00)00065-0},
isbn = {1532-5040},
issn = {01692070},
journal = {International Journal of Forecasting},
number = {4},
pages = {437--450},
pmid = {18432510},
title = {{Out-of-sample tests of forecasting accuracy: An analysis and review}},
volume = {16},
year = {2000}
}

@article{Svetunkov2017,
author = {Svetunkov, Ivan and Petropoulos, Fotios},
doi = {10.1080/00207543.2017.1380326},
journal = {International Journal of Production Research},
number = {18},
pages = {6034--6047},
publisher = {Taylor {\&} Francis},
title = {{Old dog, new tricks: a modelling view of simple moving averages}},
volume = {56},
year = {2018}
}

@article{Gneiting2007,
author = {Gneiting, Tilmann and Raftery, Adrian E.},
doi = {10.1198/016214506000001437},
journal = {Journal of the American Statistical Association},
number = {477},
pages = {359--378},
title = {{Strictly proper scoring rules, prediction, and estimation}},
volume = {102},
year = {2007}
}

@article{Taylor2020,
author = {Taylor, James W},
doi = {10.1016/j.ijforecast.2020.09.007},
journal = {International Journal of Forecasting},
volume = {37},
publisher = {Elsevier B.V.},
title = {{Evaluating quantile-bounded and expectile-bounded interval forecasts}},
year = {2020}
}

@article{Koenker1978,
author = {Koenker, Roger and Bassett, Gilbert},
doi = {10.2307/1913643},
journal = {Econometrica},
number = {1},
pages = {33},
title = {{Regression Quantiles}},
volume = {46},
year = {1978}
}

@article{Svetunkov2020Multistep,
author = {Svetunkov, Ivan and Kourentzes, Nikolaos and Killick, Rebecca},
doi = {10.1007/s00180-023-01377-x},
journal = {Computational Statistics},
month = {jun},
number = {0123456789},
publisher = {Springer Berlin Heidelberg},
title = {{Multi-step estimators and shrinkage effect in time series models}},
year = {2023}
}

@article{Kourentzes2019,
author = {Kourentzes, Nikolaos and Trapero, Juan R and Barrow, Devon K},
doi = {10.1016/j.ijpe.2019.107597},
journal = {International Journal of Production Economics},
number = {November 2019},
pages = {107597},
title = {{Optimising forecasting models for inventory planning}},
year = {2019}
}

@article{kourentzes2019unconstraining,
  title={Unconstraining methods for revenue management systems under small demand},
  author={Kourentzes, Nikolaos and Li, Dong and Strauss, Arne K},
  journal={Journal of Revenue and Pricing Management},
  volume={18},
  number={1},
  pages={27--41},
  year={2019},
}

@article{Athanasopoulos2011,
author = {Athanasopoulos, George and Hyndman, Rob J and Song, Haiyan and Wu, Doris C},
doi = {10.1016/j.ijforecast.2010.04.009},
journal = {International Journal of Forecasting},
number = {3},
pages = {822--844},
title = {{The tourism forecasting competition}},
volume = {27},
year = {2011}
}

@article{Koehler2012,
author = {Koehler, Anne B and Snyder, Ralph D and Ord, J Keith and Beaumont, Adrian},
doi = {10.1016/j.ijforecast.2011.05.001},
journal = {International Journal of Forecasting},
number = {2},
pages = {477--484},
title = {{A study of outliers in the exponential smoothing approach to forecasting}},
volume = {28},
year = {2012}
}

@unpublished{Osman2015,
author = {Osman, A F and King, Maxwell L},
booktitle = {Department of Econometrics and Business Statistics},
institution = {Monash University, Department of Econometrics and Business Statistics},
number = {02/15},
title = {{A new approach to forecasting based on exponential smoothing with independent regressors}},
url = {http://econpapers.repec.org/paper/mshebswps/2015-2.htm},
year = {2015}
}

@book{Svetunkov2014Textbook,
address = {Moscow},
author = {Svetunkov, Ivan and Svetunkov, Sergey},
pages = {390},
publisher = {Urait},
title = {{Forecasting methods. Textbook for universities.}},
isbn = {978-5-9916-4903-2},
issn = {03610926},
year = {2014}
}

@unpublished{Svetunkov1985,
author = {Svetunkov, Sergey},
booktitle = {{Rationing and accounting in the energy saving system: interuniversity collection}},
institution = {Leningrad Engineering Economic Institute},
title = {{Adaptive methods in the process of optimisation of regimes of electricity consumption}},
year = {1985}
}

@book{Box1976,
author = {Box, George and Jenkins, Gwilym},
pages = {575},
publisher = {Holden-day, Oakland, California},
title = {{Time series analysis: forecasting and control}},
year = {1976}
}

@article{Taylor2003a,
author = {Taylor, James W.},
doi = {10.1057/palgrave.jors.2601589},
journal = {Journal of the Operational Research Society},
number = {8},
pages = {799--805},
title = {{Short-term electricity demand forecasting using double seasonal exponential smoothing}},
volume = {54},
year = {2003}
}

@article{Makridakis1982,
author = {Makridakis, Spyros and Andersen, A P and Carbone, R and Fildes, Robert and Hibon, Mich{\`{e}}le and Lewandowski, R and Newton, J and Parzen, Emanuel and Winkler, Robert L},
doi = {10.1002/for.3980010202},
journal = {Journal of Forecasting},
number = {2},
pages = {111--153},
title = {{The accuracy of extrapolation (time series) methods: Results of a forecasting competition}},
volume = {1},
year = {1982}
}

@article{Fildes1998,
author = {Fildes, Robert and Hibon, Mich{\`{e}}le and Makridakis, Spyros and Meade, Nigel},
doi = {10.1016/S0169-2070(98)00009-0},
journal = {International Journal of Forecasting},
number = {3},
pages = {339--358},
title = {{Generalising about univariate forecasting methods: further empirical evidence}},
volume = {14},
year = {1998}
}

@article{Makridakis2000,
author = {Makridakis, Spyros and Hibon, Mich{\`{e}}le},
doi = {10.1016/S0169-2070(00)00057-1},
journal = {International Journal of Forecasting},
pages = {451--476},
title = {{The M3-Competition: results, conclusions and implications}},
volume = {16},
year = {2000}
}

@article{Makridakis1997,
author = {Makridakis, Spyros and Hibon, Mich{\`{e}}le},
doi = {10.1002/(SICI)1099-131X(199705)16:3<147::AID-FOR652>3.0.CO;2-X},
journal = {Journal of Forecasting},
pages = {147--163},
title = {{ARMA models and the Box–Jenkins methodology}},
volume = {16},
year = {1997}
}

@article{Ord1997,
arxivId = {10.2307/2965433},
author = {Ord, J Keith and Koehler, Anne B and Snyder, Ralph D},
doi = {10.1080/01621459.1997.10473684},
journal = {Journal of the American Statistical Association},
number = {440},
pages = {1621--1629},
title = {{Estimation and Prediction for a Class of Dynamic Nonlinear Statistical Models}},
volume = {92},
year = {1997}
}

@article{Nerlove1964,
author = {Nerlove, M. and Wage, S.},
doi = {10.1287/mnsc.10.2.207},
journal = {Management Science},
number = {2},
pages = {207--224},
title = {{On the Optimality of Adaptive Forecasting}},
volume = {10},
year = {1964}
}

@article{Mckenzie1976,
author = {McKenzie, Ed},
doi = {10.2307/2988127},
journal = {The Statistician},
month = {mar},
number = {1},
pages = {3},
title = {{A Comparison of Some Standard Seasonal Forecasting Systems}},
volume = {25},
year = {1976}
}

@article{Chatfield1977,
author = {Chatfield, C.},
doi = {10.2307/2345281},
journal = {Journal of the Royal Statistical Society. Series A (General)},
number = {4},
pages = {492},
title = {{Some Recent Developments in Time-Series Analysis}},
volume = {140},
year = {1977}
}

@article{Wasserstein2016,
author = {Wasserstein, Ronald L. and Lazar, Nicole A.},
doi = {10.1080/00031305.2016.1154108},
journal = {American Statistician},
number = {2},
pages = {129--133},
publisher = {Taylor {\&} Francis},
title = {{The ASA's Statement on p-Values: Context, Process, and Purpose}},
volume = {70},
year = {2016}
}

@article{Svetunkov2019,
author = {Svetunkov, Ivan and Boylan, John E.},
doi = {10.1080/00207543.2019.1600764},
journal = {International Journal of Production Research},
number = {3},
pages = {818--827},
title = {{State-space ARIMA for supply-chain forecasting}},
volume = {58},
year = {2020}
}

@article{Petropoulos2018a,
author = {Petropoulos, Fotios and Kourentzes, Nikolaos and Nikolopoulos, Konstantinos and Siemsen, Enno},
doi = {10.1016/j.jom.2018.05.005},
journal = {Journal of Operations Management},
number = {May},
pages = {34--46},
title = {{Judgmental selection of forecasting models}},
volume = {60},
year = {2018}
}

@Article{Hyndman2008Forecast,
    title = {Automatic time series forecasting: the forecast package for {R}},
    author = {Rob J Hyndman and Yeasmin Khandakar},
    journal = {Journal of Statistical Software},
    volume = {26},
    number = {3},
    pages = {1--22},
    year = {2008},
    url = {https://www.jstatsoft.org/article/view/v027i03},
  }

@unpublished{Sagaert2021,
  address = {Lancaster, UK},
  author = {Sagaert, Yves and Svetunkov, Ivan},
  doi = {10.13140/RG.2.2.34995.35369},
  journal={Department of Management Science Working Paper Series},
  publisher={Lancaster University},
  pages = {1--25},
  title = {{Trace Forward Stepwise: Automatic Selection of Variables in No Time}},
  year = {2022}
}

@article{kourentzes2018smoothing,
  title={On the use of multi-step cost functions for generating forecasts},
  author={Kourentzes, Nikolaos and Trapero, Juan R},
  year={2018},
  journal={Department of Management Science Working Paper Series},
  publisher={Lancaster University},
}

@article{Croston1972,
author = {Croston, J D},
doi = {10.2307/3007885},
journal = {Operational Research Quarterly (1970-1977)},
number = {3},
pages = {289},
title = {{Forecasting and Stock Control for Intermittent Demands}},
volume = {23},
year = {1972}
}

@article{Svetunkov2019a,
author = {Svetunkov, Ivan and Boylan, John E.},
doi = {10.1016/j.ijpe.2023.109013},
journal={International Journal of Production Economics},
number = {109013},
pages = {1--43},
title = {{iETS: State Space Model for Intermittent Demand Forecastings}},
year = {2023}
}

@article{Teunter2011,
author = {Teunter, Ruud H and Syntetos, Aris A and Babai, M. Zied},
doi = {10.1016/j.ejor.2011.05.018},
isbn = {0377-2217},
issn = {03772217},
journal = {European Journal of Operational Research},
number = {3},
pages = {606--615},
title = {{Intermittent demand: Linking forecasting to inventory obsolescence}},
volume = {214},
year = {2011}
}

@article{Mudholkar2002,
author = {Mudholkar, Govind S. and Tian, Lili},
doi = {10.1016/S0378-3758(01)00099-4},
journal = {Journal of Statistical Planning and Inference},
number = {2},
pages = {211--221},
title = {{An entropy characterization of the inverse Gaussian distribution and related goodness-of-fit test}},
volume = {102},
year = {2002}
}

@article{Cohen1994,
author = {Cohen, Jacob},
doi = {10.1037/0003-066X.49.12.997},
issn = {1935-990X},
journal = {American Psychologist},
number = {12},
pages = {997--1003},
title = {{The earth is round (p {\textless} .05).}},
volume = {49},
year = {1994}
}

@article{Kourentzes2014a,
author = {Kourentzes, Nikolaos},
doi = {10.1016/j.ijpe.2014.06.007},
journal = {International Journal of Production Economics},
month = {oct},
pages = {180--190},
publisher = {Elsevier},
title = {{On intermittent demand model optimisation and selection}},
volume = {156},
year = {2014}
}

@book{Hastie2009,
address = {New York, NY},
author = {Hastie, Trevor and Tibshirani, Robert and Friedman, Jerome},
doi = {10.1007/978-0-387-84858-7},
isbn = {978-0-387-84857-0},
pages = {1--764},
publisher = {Springer New York},
series = {Springer Series in Statistics},
title = {{The Elements of Statistical Learning}},
year = {2009}
}

@MISC{SvetunkovSBA,
    title = {Statistics for Business Analytics},
    author = {Ivan Svetunkov},
    howpublished = {Lecture notes. OpenForecast},
    note = {(version: 31.10.2022)},
    url = {https://openforecast.org/sba/},
    year = {2022}
}

@article{Assimakopoulos2000,
author = {Assimakopoulos, Vassilios and Nikolopoulos, Konstantinos},
doi = {10.1016/S0169-2070(00)00066-2},
journal = {International Journal of Forecasting},
pages = {521--530},
title = {{The theta model: a decomposition approach to forecasting.}},
volume = {16},
year = {2000}
}

@article{Demsar2006,
author = {Dem{\v{s}}ar, Janez},
journal = {Journal of Machine Learning Research},
pages = {1--30},
pmid = {20451214},
title = {{Statistical Comparisons of Classifiers over Multiple Data Sets}},
url = {https://www.jmlr.org/papers/volume7/demsar06a/demsar06a.pdf},
volume = {7},
year = {2006}
}

@article{Koning2005,
author = {Koning, Alex J and Franses, Philip Hans and Hibon, Mich{\`{e}}le and Stekler, H O},
doi = {10.1016/j.ijforecast.2004.10.003},
journal = {International Journal of Forecasting},
number = {3},
pages = {397--409},
title = {{The M3 competition: Statistical tests of the results}},
volume = {21},
year = {2005}
}

@article{Kolassa2011,
author = {Kolassa, Stephan},
doi = {10.1016/j.ijforecast.2010.04.006},
journal = {International Journal of Forecasting},
number = {2},
pages = {238--251},
publisher = {Elsevier B.V.},
title = {{Combining exponential smoothing forecasts using Akaike weights}},
volume = {27},
year = {2011}
}

@article{Claeskens2016,
author = {Claeskens, Gerda and Magnus, Jan R and Vasnev, Andrey L and Wang, Wendun},
doi = {10.1016/j.ijforecast.2015.12.005},
journal = {International Journal of Forecasting},
month = {jul},
number = {3},
pages = {754--762},
publisher = {Elsevier B.V.},
title = {{The forecast combination puzzle: A simple theoretical explanation}},
volume = {32},
year = {2016}
}

@article{Jose2008,
author = {Jose, Victor Richmond R and Winkler, Robert L},
doi = {10.1016/j.ijforecast.2007.06.001},
journal = {International Journal of Forecasting},
number = {1},
pages = {163--169},
title = {{Simple robust averages of forecasts: Some empirical results}},
volume = {24},
year = {2008}
}

@article{Petropoulos2020,
author = {Petropoulos, Fotios and Svetunkov, Ivan},
doi = {10.1016/j.ijforecast.2019.01.006},
journal = {International Journal of Forecasting},
number = {1},
pages = {110--115},
publisher = {Elsevier B.V.},
title = {{A simple combination of univariate models}},
volume = {36},
year = {2020}
}

@article{Stock2004,
author = {Stock, James H. and Watson, Mark W.},
doi = {10.1002/for.928},
journal = {Journal of Forecasting},
mendeley-tags = {Combination,Forecasting},
number = {6},
pages = {405--430},
title = {{Combination forecasts of output growth in a seven-country data set}},
volume = {23},
year = {2004}
}

@article{Kourentzes2019c,
author = {Kourentzes, Nikolaos and Barrow, Devon and Petropoulos, Fotios},
doi = {10.1016/j.ijpe.2018.05.019},
journal = {International Journal of Production Economics},
number = {September 2016},
pages = {226--235},
publisher = {Elsevier Ltd},
title = {{Another look at forecast selection and combination: Evidence from forecast pooling}},
volume = {209},
year = {2019}
}

@article{Lichtendahl2013,
author = {Lichtendahl, Kenneth C. and Grushka-Cockayne, Yael and Winkler, Robert L.},
doi = {10.1287/mnsc.1120.1667},
journal = {Management Science},
number = {7},
pages = {1594--1611},
title = {{Is It Better to Average Probabilities or Quantiles?}},
volume = {59},
year = {2013}
}

@article{Bergmeir2016,
author = {Bergmeir, Christoph and Hyndman, Rob J. and Ben{\'{i}}tez, Jos{\'{e}} M.},
doi = {10.1016/j.ijforecast.2015.07.002},
journal = {International Journal of Forecasting},
number = {2},
pages = {303--312},
publisher = {Elsevier B.V.},
title = {{Bagging exponential smoothing methods using STL decomposition and Box-Cox transformation}},
volume = {32},
year = {2016}
}

@article{Cleveland1990,
author = {Cleveland, Robert B and Cleveland, William S and McRae, Jean E and Terpenning, Irma},
journal = {Journal of Official Statistics},
number = {1},
pages = {3--73},
title = {{STL: A seasonal-trend decomposition procedure based on loess}},
volume = {6},
year = {1990}
}

@article{Petropoulos2018,
author = {Petropoulos, Fotios and Hyndman, Rob J. and Bergmeir, Christoph},
doi = {10.1016/j.ejor.2018.01.045},
journal = {European Journal of Operational Research},
number = {2},
pages = {545--554},
publisher = {Elsevier B.V.},
title = {{Exploring the sources of uncertainty: Why does bagging for time series forecasting work?}},
volume = {268},
year = {2018}
}

@article{Chatfield1996,
author = {Chatfield, Chris},
doi = {10.1002/(SICI)1099-131X(199612)15:7<495::AID-FOR640>3.3.CO;2-F},
journal = {Journal of Forecasting},
number = {7},
pages = {495--508},
title = {{Model uncertainty and forecast accuracy}},
volume = {15},
year = {1996}
}

@article{Chatfield2001,
author = {Chatfield, Chris and Koehler, Anne B and Ord, J. Keith and Snyder, Ralph D},
journal = {Journal of the Royal Statistical Society, Series D (The Statistician)},
number = {2},
pages = {147--159},
title = {{A New Look at Models for Exponential Smoothing}},
url = {https://www.jstor.org/stable/2681090},
volume = {50},
year = {2001}
}

@article{Taylor1999,
author = {Taylor, James W and Bunn, D W},
doi = {10.1287/mnsc.45.2.225},
journal = {Management Science},
number = {2},
pages = {225--237},
title = {{A Quantile Regression Approach to Generating Prediction Intervals}},
volume = {45},
year = {1999}
}

@book{BoylanSyntetos2021,
address = {111 River st., Hoboken, NJ 07030, USA},
author = {Boylan, John E. and Syntetos, Aris A.},
pages = {371},
publisher = {John Wiley \& Sons Ltd},
title = {{Intermittent Demand Forecasting. Context, Methods and Applications}},
isbn = {978-1-119-97608-0},
issn = {2021011006},
year = {2021}
}

@article{Dhar2020,
author = {Dhar, Payal},
doi = {10.1038/s42256-020-0219-9},
journal = {Nature Machine Intelligence},
pages = {423-425},
title = {{The carbon impact of artificial intelligence}},
volume = {2},
year = {1999}
}

@article{Wallstrom2010,
author = {Wallstr{\"{o}}m, Peter and Segerstedt, Anders},
doi = {10.1016/j.ijpe.2010.07.013},
journal = {International Journal of Production Economics},
number = {2},
pages = {625--636},
title = {{Evaluation of forecasting error measurements and techniques for intermittent demand}},
volume = {128},
year = {2010}
}

@article{Tofallis2015,
 author = {Chris Tofallis},
 journal = {The Journal of the Operational Research Society},
 number = {8},
 pages = {1352--1362},
 doi = {10.2307/24505756},
 publisher = {[Operational Research Society, Palgrave Macmillan Journals]},
 title = {A better measure of relative prediction accuracy for model selection and model estimation},
 volume = {66},
 year = {2015}
}

@article{Makridakis1993,
author = {Makridakis, Spyros},
doi = {10.1016/0169-2070(93)90079-3},
journal = {International Journal of Forecasting},
pages = {527--529},
title = {{Accuracy concerns measures: theoretical and practical concerns}},
volume = {9},
year = {1993}
}

@article{Makridakis2020,
author = {Makridakis, Spyros and Spiliotis, Evangelos and Assimakopoulos, Vassilios},
doi = {10.1016/j.ijforecast.2019.04.014},
journal = {International Journal of Forecasting},
number = {1},
pages = {54--74},
title = {{The M4 Competition: 100,000 time series and 61 forecasting methods}},
volume = {36},
year = {2020}
}

@article{Makridakis2020a,
author = {Makridakis, Spyros and Spiliotis, Evangelos and Assimakopoulos, Vassilios},
doi = {10.1016/j.ijforecast.2021.11.013},
issn = {01692070},
journal = {International Journal of Forecasting},
month = {oct},
number = {4},
pages = {1346--1364},
title = {{M5 accuracy competition: Results, findings, and conclusions}},
volume = {38},
year = {2022}
}

@article{Svetunkov2015,
   author = {Ivan Svetunkov and Nikolaos Kourentzes and John Keith Ord},
   doi = {10.1002/nav.22074},
   journal = {Naval Research Logistics (NRL)},
   month = {8},
   pages = {31},
   title = {Complex Exponential Smoothing},
   year = {2022},
}

@article{Fildes1992,
author = {Fildes, Robert},
doi = {10.1016/0169-2070(92)90009-X},
journal = {International Journal of Forecasting},
month = {jun},
number = {1},
pages = {81--98},
title = {{The evaluation of extrapolative forecasting methods}},
volume = {8},
year = {1992}
}

@article{Sichel1997,
annote = {The authors discuss properties of log-IG distribution.},
author = {Sichel, H.S. and Dohm, C.E. and Kleingeld, W.J.},
journal = {South African Statistical Journal},
number = {1},
pages = {125--149},
title = {{The logarithmic generalized inverse Gaussian distribution (LNGIG)}},
url = {https://hdl.handle.net/10520/AJA0038271X{\_}560},
volume = {31},
year = {1997}
}

@article{Kourentzes2015,
author = {Kourentzes, Nikolaos and Petropoulos, Fotios},
doi = {10.1016/j.ijpe.2015.09.011},
journal = {International Journal of Production Economics},
pages = {145--153},
publisher = {Elsevier},
title = {{Forecasting with multivariate temporal aggregation: The case of promotional modelling}},
volume = {181},
year = {2016}
}

@article{Schwertman1990,
author = {Schwertman, Neil C. and Gilks, A. J. and Cameron, J.},
doi = {10.1080/00031305.1990.10475690},
journal = {The American Statistician},
number = {1},
pages = {38--39},
title = {{A Simple Noncalculus Proof That the Median Minimizes the Sum of the Absolute Deviations}},
volume = {44},
year = {1990}
}

@article{Lee2014,
title = {Empirical prediction intervals revisited},
journal = {International Journal of Forecasting},
volume = {30},
pages = {217-234},
year = {2014},
doi = {10.1016/j.ijforecast.2013.07.018},
author = {Yun Shin Lee and Stefan Scholtes}
}

@Inbook{Huber1992,
author="Huber, Peter J.",
editor="Kotz, Samuel
and Johnson, Norman L.",
title="Robust Estimation of a Location Parameter",
bookTitle="Breakthroughs in Statistics: Methodology and Distribution",
year="1992",
publisher="Springer New York",
address="New York, NY",
pages="492--518",
isbn="978-1-4612-4380-9",
doi="10.1007/978-1-4612-4380-9_35"
}

@book{Clements1998,
author = {Clements, Michael and Hendry, David},
doi = {10.1017/CBO9780511599286},
isbn = {9780511599286},
issn = {01692070},
pages = {390},
publisher = {Cambridge University Press},
title = {{Forecasting economic time series}},
year = {1998}
}

@article{Cleveland1979,
author = {Cleveland, William S},
doi = {10.2307/2286407},
journal = {Journal of the American Statistical Association},
number = {368},
pages = {829--836},
pmid = {263},
title = {{Robust Locally Weighted Regression and Smoothing Scatterplots}},
volume = {74},
year = {1979}
}

@article{Engle1982,
author = {Engle, Robert F.},
doi = {10.2307/1912773},
journal = {Econometrica},
keywords = {GARCH},
mendeley-tags = {GARCH},
month = {jul},
number = {4},
pages = {987},
title = {{Autoregressive Conditional Heteroscedasticity with Estimates of the Variance of United Kingdom Inflation}},
volume = {50},
year = {1982}
}

@article{Bollerlev1986,
author = {Bollerslev, Tim},
doi = {10.1016/0304-4076(86)90063-1},
journal = {Journal of Econometrics},
month = {apr},
number = {3},
pages = {307--327},
title = {{Generalized autoregressive conditional heteroskedasticity}},
volume = {31},
year = {1986}
}

@article{Geweke1986,
author = {Geweke, John},
doi = {10.1080/07474938608800097},
issn = {15324168},
journal = {Econometric Reviews},
number = {1},
pages = {57--61},
title = {{Comment}},
volume = {5},
year = {1986}
}

@article{Pantula1986,
author = {Pantula, Sastry G.},
doi = {10.1080/07474938608800099},
journal = {Econometric Reviews},
month = {jan},
number = {1},
pages = {71--74},
title = {{Comment}},
volume = {5},
year = {1986}
}

@book{Ord2017,
address = {New York, New York, USA},
author = {Ord, Keith. and Fildes, Robert. and Kourentzes, Nikolaos},
booktitle = {Wessex Press},
edition = {2},
isbn = {9780199846740},
issn = {03067734},
pages = {1--590},
publisher = {Wessex Press, Inc},
title = {{Principles of Business Forecasting}},
year = {2017}
}

@article{Dickey1979,
author = {Dickey, David A and Fuller, Wayne A},
doi = {10.1080/01621459.1979.10482531},
journal = {Journal of the American Statistical Association},
number = {366a},
pages = {427--431},
title = {{Distribution of the Estimators for Autoregressive Time Series with a Unit Root}},
volume = {74},
year = {1979}
}

@article{Kwiatkowski1992,
author = {Kwiatkowski, Denis and Phillips, Peter C B and Schmidt, Peter and Shin, Yongcheol},
doi = {10.1016/0304-4076(92)90104-Y},
journal = {Journal of Econometrics},
pages = {159--178},
pmid = {277656},
title = {{Testing the Null Hypothesis of Stationarity Against the Alternative of a Unit Root : How Sure Are We That Economic Time Series Are Nonstationary?}},
volume = {54},
year = {1992}
}

@article{Trapero2019,
author = {Trapero, Juan R. and Card{\'{o}}s, Manuel and Kourentzes, Nikolaos},
doi = {10.1016/j.omega.2018.05.004},
issn = {03050483},
journal = {Omega (United Kingdom)},
pages = {199--211},
publisher = {Elsevier Ltd},
title = {{Empirical safety stock estimation based on kernel and GARCH models}},
volume = {84},
year = {2019}
}

@article{Pritularga2022,
author = {Pritularga, Kandrika and Svetunkov, Ivan and Kourentzes, Nikolaos},
journal = {International Journal of Forecasting},
number = {In Print},
pages = {NA},
title = {{Shrinkage Estimator for Exponential Smoothing Models}},
volume = {In Print},
year = {2022}
}

@TECHREPORT{LCFweller2012,
  AUTHOR =        {Weller, Matt and Crone, Sven F.},
  TITLE =         {Supply Chain Forecasting: Best Practices \& Benchmarking Study},
  INSTITUTION =   {Lancaster Centre for Forecasting},
  MONTH =         {November},
  YEAR  =         {2012},
 }

@article{Goodwin1999,
annote = {The authors show that sMAPE is biased and a bad accuracy measure.},
author = {Goodwin, Paul and Lawton, Richard},
doi = {10.1016/S0169-2070(99)00007-2},
journal = {International Journal of Forecasting},
number = {4},
pages = {405--408},
title = {{On the asymmetry of the symmetric MAPE}},
volume = {15},
year = {1999}
}


@article{Spavound2022,
author = {Spavound, Simon and Kourentzes, Nikolaos},
journal = {Foresight: The International Journal of Applied Forecasting},
number = {3},
pages = {20--23},
title = {{Making Forecasts More Trustworthy}},
volume = {66},
year = {2022}
}

@article{Lazo1978a,
author = {Lazo, A.V. and Rathie, P.},
doi = {10.1109/TIT.1978.1055832},
journal = {IEEE Transactions on Information Theory},
month = {jan},
number = {1},
pages = {120--122},
title = {{On the entropy of continuous probability distributions (Corresp.)}},
volume = {24},
year = {1978}
}

@article{Chakraborty2015,
author = {Chakraborty, Subrata},
journal = {Journal of Statistical Distributions and Applications},
number = {1},
pages = {6},
title = {{Generating discrete analogues of continuous probability distributions-A survey of methods and constructions}},
volume = {2},
year = {2015},
doi = {10.1186/s40488-015-0028-6}
}

@article{Durbin1950,
    author = {Durbin, J. and Watson, G. S.},
    title = {Testing for Serial Correlation in Least Squares Regression. I},
    journal = {Biometrika},
    volume = {37},
    number = {3-4},
    pages = {409-428},
    year = {1950},
    month = {12},
    issn = {0006-3444},
    doi = {10.1093/biomet/37.3-4.409}
}

@article{Box1970,
    author = {George. E. P. Box and David A. Pierce},
    title = {Distribution of Residual Autocorrelations in Autoregressive-Integrated Moving Average Time Series Models},
    journal = {Journal of the American Statistical Association},
    volume = {65},
    number = {332},
    pages = {1509-1526},
    year  = {1970},
    publisher = {Taylor & Francis},
    doi = {10.1080/01621459.1970.10481180}
}

@article{Ljung1978,
    author = {Ljung, Greta M. and Box, George E. P.},
    title = "{On a measure of lack of fit in time series models}",
    journal = {Biometrika},
    volume = {65},
    number = {2},
    pages = {297-303},
    year = {1978},
    month = {08},
    issn = {0006-3444},
    doi = {10.1093/biomet/65.2.297}
}

@article{Breusch1978,
    author = {Breusch, T. S.},
    title = {Testing for Autocorrelation in Dynamic Linear Models},
    journal = {Australian Economic Papers},
    volume = {17},
    number = {31},
    pages = {334-355},
    doi = {10.1111/j.1467-8454.1978.tb00635.x},
    year = {1978}
}

@article{Godfrey1978,
     author = {L. G. Godfrey},
     journal = {Econometrica},
     number = {6},
     pages = {1293--1301},
     publisher = {[Wiley, Econometric Society]},
     title = {Testing Against General Autoregressive and Moving Average Error Models when the Regressors Include Lagged Dependent Variables},
     volume = {46},
     year = {1978},
     doi = {10.2307/1913829},
}

@article{Bartlett1937,
 author = {M. S. Bartlett},
 journal = {Proceedings of the Royal Society of London. Series A, Mathematical and Physical Sciences},
 number = {901},
 pages = {268--282},
 publisher = {The Royal Society},
 title = {Properties of Sufficiency and Statistical Tests},
 urldate = {2023-02-25},
 volume = {160},
 year = {1937},
 doi = {10.2307/96803}
}

@article{White1980,
 author = {Halbert White},
 journal = {Econometrica},
 number = {4},
 pages = {817--838},
 publisher = {[Wiley, Econometric Society]},
 title = {A Heteroskedasticity-Consistent Covariance Matrix Estimator and a Direct Test for Heteroskedasticity},
 urldate = {2023-02-25},
 volume = {48},
 year = {1980},
 doi = {10.2307/1912934}
}

@article{Breusch1979,
 author = {T. S. Breusch and A. R. Pagan},
 journal = {Econometrica},
 number = {5},
 pages = {1287--1294},
 publisher = {[Wiley, Econometric Society]},
 title = {A Simple Test for Heteroscedasticity and Random Coefficient Variation},
 urldate = {2023-02-25},
 volume = {47},
 year = {1979},
 doi = {10.2307/1911963}
}

@article{Shapiro1965,
    author = {Shapiro, S. S. and Wilk, M. B.},
    title = "{An analysis of variance test for normality (complete samples)†}",
    journal = {Biometrika},
    volume = {52},
    number = {3-4},
    pages = {591-611},
    year = {1965},
    month = {12},
    issn = {0006-3444},
    doi = {10.1093/biomet/52.3-4.591}
}

@article{Anderson1952,
    author = {T. W. Anderson and D. A. Darling},
    title = {{Asymptotic Theory of Certain "Goodness of Fit" Criteria Based on Stochastic Processes}},
    volume = {23},
    journal = {The Annals of Mathematical Statistics},
    number = {2},
    publisher = {Institute of Mathematical Statistics},
    pages = {193 -- 212},
    year = {1952},
    doi = {10.1214/aoms/1177729437}
}

@article{Rao1945,
    author = {Rao, Radhakrishna C.},
    title = {{Information and accuracy attainable in the estimation of statistical parameters}},
    volume = {37},
    journal = {Bulletin of the Calcutta Mathematical Society},
    number = {3},
    publisher = {Institute of Mathematical Statistics},
    pages = {81 -- 91},
    year = {1945}
}

@inproceedings{Socci1997,
 author = {Socci, Nicholas and Lee, Daniel and Seung, H. Sebastian},
 booktitle = {Advances in Neural Information Processing Systems},
 editor = {M. Jordan and M. Kearns and S. Solla},
 pages = {},
 publisher = {MIT Press},
 title = {The Rectified Gaussian Distribution},
 url = {https://proceedings.neurips.cc/paper/1997/file/28fc2782ea7ef51c1104ccf7b9bea13d-Paper.pdf},
 volume = {10},
 year = {1997}
}

@misc{svetunkov2023smooth,
      title={Smooth forecasting with the smooth package in R},
      author={Ivan Svetunkov},
      year={2023},
      eprint={2301.01790},
      archivePrefix={arXiv},
      primaryClass={stat.ME},
      doi = {10.48550/arXiv.2301.01790}
}

@book{Silver2016,
    author = {Silver, Edward A. and Pyke, David F. and Thomas, Douglas J.},
    isbn = {9781466558618},
    publisher = {Routledge and CRC Press},
    title = {{Inventory and Production Management in Supply Chains. 4th Edition}},
    year = {2016}
}

@article{Friedman1937,
    author = {Milton Friedman},
    title = {The Use of Ranks to Avoid the Assumption of Normality Implicit in the Analysis of Variance},
    journal = {Journal of the American Statistical Association},
    volume = {32},
    number = {200},
    pages = {675-701},
    year  = {1937},
    publisher = {Taylor & Francis},
    doi = {10.1080/01621459.1937.10503522}
}

@article{Wilcoxon1945,
     author = {Frank Wilcoxon},
     journal = {Biometrics Bulletin},
     number = {6},
     pages = {80--83},
     title = {Individual Comparisons by Ranking Methods},
     volume = {1},
     year = {1945},
     doi = {10.2307/3001968}
}

@book{Newbold2020,
    author = {Newbold, Paul and Carlson, William and Thorne, Betty},
    isbn = {9781292315034},
    publisher = {Pearson},
    title = {{Statistics for Business and Economics, 9th Global Edition}},
    year = {2020}
}

@unpublished{SvetunkovETSUnceartain2023,
  address = {Lancaster, UK},
  author = {Svetunkov, Ivan and Pritularga, Kandrika},
  journal={Department of Management Science Working Paper Series},
  publisher={Lancaster University},
  number = {2},
  pages = {1--19},
  title = {{Incorporating Parameters Uncertainty in ETS}},
  year = {2023}
}

@unpublished{SvetunkovHAM2023,
  address = {Lancaster, UK},
  author = {Svetunkov, Ivan and Kourentzes, Nikolaos and Svetunkov, Sergey},
  journal={Department of Management Science Working Paper Series},
  publisher={Lancaster University},
  number = {3},
  pages = {1--20},
  title = {{Half Central Moment for Data Analysis}},
  year = {2023}
}
