@MISC{SvetunkovAccuracy2019,
    title = {Are you sure you’re precise? Measuring accuracy of point forecasts},
    author = {Ivan Svetunkov},
    howpublished = {Modern Forecasting},
    note = {(version: 2019-08-25)},
    url = {https://forecasting.svetunkov.ru/en/2019/08/25/are-you-sure-youre-precise-measuring-accuracy-of-point-forecasts/},
    year = {2019}
}

@MISC{SvetunkovAPEs2017,
    title = {Naughty APEs and the quest for the holy grail},
    author = {Ivan Svetunkov},
    howpublished = {Modern Forecasting},
    note = {(version: 2017-07-29)},
    url = {https://forecasting.svetunkov.ru/en/2017/07/29/naughty-apes-and-the-quest-for-the-holy-grail/},
    year = {2017}
}

@MISC{Hanck2020,
    title = {{Introduction to Econometrics with R}},
    author = {Christoph Hanck and Martin Arnold and Alexander Gerber and Martin Schmelzer},
    howpublished = {Bookdown},
    note = {(version: 2020-08-12)},
    url = {https://www.econometrics-with-r.org/index.html},
    year = {2020}
}

@MISC{WikipediaVarianceBias2020,
    title = {Bias of Estimator: Sample variance},
    author = {Wikipedia},
    howpublished = {Wikipedia},
    note = {(version: 2020-08-12)},
    url = {https://en.wikipedia.org/wiki/Bias_of_an_estimator#Sample_variance},
    year = {2020}
}

@MISC{WikipediaMedianEfficiency2020,
    title = {Efficiency (statistics): Asymptotic efficiency},
    author = {Wikipedia},
    howpublished = {Wikipedia},
    note = {(version: 2020-08-12)},
    url = {https://en.wikipedia.org/wiki/Efficiency_(statistics)#Asymptotic_efficiency},
    year = {2020}
}

@MISC{WikipediaLikelihoodRatioTest2020,
    title = {Likelihood-ratio test},
    author = {Wikipedia},
    howpublished = {Wikipedia},
    note = {(version: 2020-09-04)},
    url = {https://en.wikipedia.org/wiki/Likelihood-ratio_test},
    year = {2020}
}

@MISC{WikipediaCrossValidation2020,
    title = {Cross-validation (statistics)},
    author = {Wikipedia},
    howpublished = {Wikipedia},
    note = {(version: 2020-11-04)},
    url = {https://en.wikipedia.org/wiki/Cross-validation_(statistics)},
    year = {2020}
}

@MISC{WikipediaDifferentialEntropy2021,
    title = {Differential entropy},
    author = {Wikipedia},
    howpublished = {Wikipedia},
    note = {(version: 2021-04-22)},
    url = {https://en.wikipedia.org/wiki/Differential_entropy},
    year = {2021}
}

@MISC{WikipediaDurbinWatson2021,
    title = {{Durbin–Watson statistic}},
    author = {Wikipedia},
    howpublished = {Wikipedia},
    note = {(version: 2021-05-13)},
    url = {https://en.wikipedia.org/wiki/Durbin%E2%80%93Watson_statistic},
    year = {2021}
}

@MISC{WikipediaLjungBox2021,
    title = {{Ljung–Box test}},
    author = {Wikipedia},
    howpublished = {Wikipedia},
    note = {(version: 2021-05-13)},
    url = {https://en.wikipedia.org/wiki/Ljung%E2%80%93Box_test},
    year = {2021}
}

@MISC{WikipediaBreuschGodfrey2021,
    title = {{Breusch–Godfrey test}},
    author = {Wikipedia},
    howpublished = {Wikipedia},
    note = {(version: 2021-05-13)},
    url = {https://en.wikipedia.org/wiki/Breusch%E2%80%93Godfrey_test},
    year = {2021}
}

